<?xml version="1.0" encoding="UTF-8"?>
<collection xmlns="http://www.loc.gov/MARC21/slim" xmlns:marc="http://www.loc.gov/MARC21/slim" xmlns:xsi="http://www.w3.org/2001/XMLSchema-instance" xsi:schemaLocation="http://www.loc.gov/MARC21/slim http://www.loc.gov/standards/marcxml/schema/MARC21slim.xsd">
  <record>
    <leader>00000npcaa2200000 u 4500</leader>
    <controlfield tag="008">211130i19391958xx                  eng d</controlfield>
    <datafield ind1=" " ind2=" " tag="040">
      <subfield code="b">eng</subfield>
    </datafield>
    <datafield ind1=" " ind2=" " tag="041">
      <subfield code="a">eng</subfield>
    </datafield>
    <datafield ind1=" " ind2=" " tag="049"/>
    <datafield ind1=" " ind2=" " tag="099">
      <subfield code="a">2750900</subfield>
    </datafield>
    <datafield ind1="2" ind2=" " tag="110">
      <subfield code="a">American Association of Industrial Editors.,</subfield>
      <subfield code="e">creator.</subfield>
    </datafield>
    <datafield ind1="1" ind2="0" tag="245">
      <subfield code="a">American Association of Industrial Editors (AAIE) Records,</subfield>
      <subfield code="f">1939-1958</subfield>
    </datafield>
    <datafield ind1=" " ind2=" " tag="300">
      <subfield code="a">1</subfield>
      <subfield code="f">linear ft.</subfield>
    </datafield>
    <datafield ind1=" " ind2=" " tag="351">
      <subfield code="a">The collection is unprocessed and remains in original order.</subfield>
    </datafield>
    <datafield ind1=" " ind2=" " tag="500">
      <subfield code="a">An inventory has not yet been created for this collection. Please contact the Repository listed above for more information.</subfield>
    </datafield>
    <datafield ind1=" " ind2=" " tag="506">
      <subfield code="a">The collection is unprocessed and accessible by special permission only.</subfield>
    </datafield>
    <datafield ind1="3" ind2=" " tag="520">
      <subfield code="a">Minutes, reports, photographs, printed materials from the American professional editors' association.</subfield>
    </datafield>
    <datafield ind1="2" ind2=" " tag="520">
      <subfield code="a">The  American Association of Industrial Editors Records  contains minutes, reports, photographs, printed materials and other items from the American professional editors' association.</subfield>
    </datafield>
    <datafield ind1=" " ind2=" " tag="524">
      <subfield code="a">Preferred citation for this material is as follows:

 American Association of Industrial Editors (AAIE) Records,.</subfield>
    </datafield>
    <datafield ind1=" " ind2=" " tag="540">
      <subfield code="a">Written permission must be obtained from SCRC and all relevant rights holders before publishing quotations, excerpts or images from any materials in this collection.</subfield>
    </datafield>
    <datafield ind1="1" ind2=" " tag="541">
      <subfield code="a">Gift of  Samuel V. Kennedy , 1980.</subfield>
    </datafield>
    <datafield ind1=" " ind2=" " tag="545">
      <subfield code="a">The American Association of Industrial Editors was formed in 1938 by a small group of editors of industrial publications and house organs, who saw their mission as increasing professionalism among editors, improving quality of publications and serving management. Within a few months the fledgling organization had members from 17 states and by 1939 they began publishing the Editor's Notebook, aimed at editors of industrial and corporate magazines. In 1941 AAIE became one of several charter members of the National Council of Industrial Editors Association (NCIEA), which later became the International Council of Industrial Editors (ICIE). AAIE withdrew from ICIE in 1946 over policy differences but the two organizations merged again in 1970, becoming the International Association of Business Communicators (IABC).</subfield>
    </datafield>
    <datafield ind1=" " ind2=" " tag="546">
      <subfield code="a">English.</subfield>
    </datafield>
    <datafield ind1="2" ind2="0" tag="610">
      <subfield code="a">American Association of Industrial Editors.</subfield>
    </datafield>
    <datafield ind1="2" ind2="0" tag="610">
      <subfield code="a">International Council of Industrial Editors.</subfield>
    </datafield>
    <datafield ind1=" " ind2="7" tag="650">
      <subfield code="a">Business and Industry</subfield>
      <subfield code="2">local</subfield>
    </datafield>
    <datafield ind1=" " ind2="7" tag="650">
      <subfield code="a">Journalism</subfield>
      <subfield code="2">local</subfield>
    </datafield>
    <datafield ind1=" " ind2="0" tag="650">
      <subfield code="a">Editors -- Professional associations.</subfield>
    </datafield>
    <datafield ind1=" " ind2="0" tag="650">
      <subfield code="a">House organs.</subfield>
    </datafield>
    <datafield ind1=" " ind2="7" tag="655">
      <subfield code="a">Minutes.</subfield>
      <subfield code="2">aat</subfield>
    </datafield>
    <datafield ind1=" " ind2="7" tag="655">
      <subfield code="a">Photographs.</subfield>
      <subfield code="2">aat</subfield>
    </datafield>
    <datafield ind1=" " ind2="7" tag="655">
      <subfield code="a">Reports.</subfield>
      <subfield code="2">aat</subfield>
    </datafield>
    <datafield ind1=" " ind2="7" tag="656">
      <subfield code="a">Editors.</subfield>
      <subfield code="2">lcsh</subfield>
    </datafield>
    <datafield ind1=" " ind2=" " tag="852">
      <subfield code="a">Mein erstes Archiv</subfield>
    </datafield>
  </record>
</collection>

